<?xml version="1.0" encoding="UTF-8"?><collection xmlns="http://www.loc.gov/MARC21/slim"><record><leader>00573nam--2200181-i-4500</leader><controlfield tag="001">000045420</controlfield><controlfield tag="002">20161230</controlfield><controlfield tag="005">20161230201045</controlfield><controlfield tag="008">060222s1000------------r-----000-0-fre-d</controlfield><datafield ind1=" " ind2=" " tag="040"><subfield code="a">IFIN-HH</subfield></datafield><datafield ind1=" " ind2=" " tag="041"><subfield code="a">fre</subfield></datafield><datafield ind1=" " ind2=" " tag="080"><subfield code="a">539.142/3(043)</subfield></datafield><datafield ind1="1" ind2=" " tag="100"><subfield code="a">Toulemonde, Marcel</subfield></datafield><datafield ind1="1" ind2="0" tag="245"><subfield code="a">Observation des proprietes individuelles et collectives dans deux noyaux de l`orbite 1f 7/247sc et47v</subfield><subfield code="b">These</subfield><subfield code="c">Marce3l toulemonde</subfield></datafield><datafield ind1=" " ind2=" " tag="260"><subfield code="a">Strasbourg</subfield><subfield code="b">Universite Louis Pasteur De Strasbourg</subfield><subfield code="c">1974</subfield></datafield><datafield ind1=" " ind2=" " tag="300"><subfield code="a">XIII + 135P</subfield></datafield><datafield ind1=" " ind2=" " tag="852"><subfield code="a">43392</subfield><subfield code="c">539.14</subfield></datafield><datafield ind1=" " ind2=" " tag="CAT"><subfield code="a">Sys</subfield><subfield code="c">20120330</subfield><subfield code="h">143219</subfield></datafield></record></collection>